@BOOK{Baggio2012,
	AUTHOR = {Daniel Lélis Baggio and David Millán Escrivá and Khvedchenia Ievgen and Naureen Mahmood and Jason Saragih and Roy Shilkrot},
	YEAR = {2012},
	TITLE = {Mastering OpenCV with Practical Computer Vision Projects - Step-by-step tutorials to solve common real-world computer vision problems for desktop or mobile, from augmented reality and number plate recognition to face recognition and 3D head tracking},
	EDITION = {1. Aufl.},
	ISBN = {978-1-84951-782-9},
	PUBLISHER = {Packt Publishing Ltd.},
	ADDRESS = {Birmingham, UK},
	URL = {http://www.inc.eng.kmutt.ac.th/inc161/project/opencv/Mastering_opencv.pdf}
}

@ARTICLE{Otsu1979,
	AUTHOR = {Otsu, Nobuyuki},
	TITLE = {A threshold selection method from grey level histograms},
	YEAR = {1979},
	PAGES = {62--66},
	JOURNAL = {IEEE Transactions on Systems, Man, and Cybernetics},
	VOLUME  = {SMC-9},
	NUMBER  = {1}
}

@ONLINE{recontructioninverse,
	TITLE = {Computing x,y coordinate (3D) from image point},
	URL = {https://stackoverflow.com/questions/12299870/computing-x-y-coordinate-3d-from-image-point},
	URLDATE = {2017-10-22}
}

@ONLINE{opencv3DReconstruction,
	TITLE = {Camera Calibration and 3D Reconstruction},
	URL = {https://docs.opencv.org/2.4/modules/calib3d/doc/camera_calibration_and_3d_reconstruction.htm},
	URLDATE = {2017-10-21}
}

@ONLINE{openglglutMainLoop,
	TITLE = {3.1 glutMainLoop},
	URL = {https://www.opengl.org/resources/libraries/glut/spec3/node14.html},
	URLDATE = {2017-10-21}
}

@ONLINE{opencvfindChessboardCorners,
	TITLE = {Camera Calibration and 3D Reconstruction - findChessboardCorners},
	URL = {https://docs.opencv.org/2.4/modules/calib3d/doc/camera_calibration_and_3d_reconstruction.html#findchessboardcorners},
	URLDATE = {2017-10-21}
}

@ONLINE{opencvdrawChessboardCorners,
	TITLE = {Camera Calibration and 3D Reconstruction - drawChessboardCorners},
	URL = {https://docs.opencv.org/2.4/modules/calib3d/doc/camera_calibration_and_3d_reconstruction.html#drawchessboardcorners},
	URLDATE = {2017-10-21}
}

@ONLINE{opencvFeatureDetector,
	TITLE = {cv::FeatureDetector Class Reference},
	URL = {https://docs.opencv.org/ref/2.4/d9/df0/classcv_1_1FeatureDetector.html},
	URLDATE = {2017-10-20}
}

@ONLINE{opencvDescriptorExtractor,
	TITLE = {Class DescriptorExtractor},
	URL = {https://docs.opencv.org/java/2.4.9/org/opencv/features2d/DescriptorExtractor.html},
	URLDATE = {2017-10-20}
}

@ONLINE{opencvdescriptorMatcher,
	TITLE = {cv::DescriptorMatcher Class Reference},
	URL = {https://docs.opencv.org/3.2.0/db/d39/classcv_1_1DescriptorMatcher.html},
	URLDATE = {2017-10-20}
}

@ONLINE{DescriptorMatcherWrong,
	TITLE = {Example for bad matches with DescriptorMatcher},
	URL = {http://answers.opencv.org/upfiles/1428488468101951.jpg},
	URLDATE = {2017-10-20}
}

@ONLINE{LecakesOpenCV,
	TITLE = {OpenCV Basics 15-21},
	URL = {http://youtu.be/HNfPbw-1e_w},
	URLDATE = {2017-10-20}
}

@ONLINE{AdaptiveThresholdingImage,
	TITLE = {Adaptive Thresholding Example},
	URL = {http://docs.opencv.org/3.2.0/ada_threshold.jpg},
	URLDATE = {2017-10-10}
}

@ONLINE{ChessboardPattern,
	TITLE = {Camera Calibration Chessboard Pattern},
	URL = {https://docs.opencv.org/2.4/_downloads/pattern.png},
	URLDATE = {2017-10-18}
}

@ONLINE{AdaptiveThresholdingDescription,
	TITLE = {Adaptive Thresholding Description},
	URL = {http://docs.opencv.org/3.2.0/d7/d4d/tutorial_py_thresholding.html},
	URLDATE = {2017-10-10}
}

@ONLINE{opencvfindContours,
	TITLE = {Structural Analysis and Shape Descriptors - findContours},
	URL = {http://docs.opencv.org/2.4/modules/imgproc/doc/structural_analysis_and_shape_descriptors.html},
	URLDATE = {2017-10-10}
}

@ONLINE{opencvapproxPolyDP,
	TITLE = {Structural Analysis and Shape Descriptors - approxPolyDP},
	URL = {http://docs.opencv.org/2.4/modules/imgproc/doc/structural_analysis_and_shape_descriptors.html},
	URLDATE = {2017-10-10}
}

@ONLINE{opencvwarpPerspective,
	TITLE = {Geometric Image Transformations - warpPerspective},
	URL = {http://docs.opencv.org/2.4/modules/imgproc/doc/geometric_transformations.html},
	URLDATE = {2017-10-10}
}

@ONLINE{opencvgetPerspectiveTransform,
	TITLE = {Geometric Image Transformations - getPerspectiveTransform},
	URL = {https://docs.opencv.org/2.4/modules/imgproc/doc/geometric_transformations.html},
	URLDATE = {2017-10-17}
}

@ONLINE{opencvsolvePnP,
	TITLE = {Camera Calibration and 3D Reconstruction - solvePnP},
	URL = {https://docs.opencv.org/2.4/modules/calib3d/doc/camera_calibration_and_3d_reconstruction.html},
	URLDATE = {2017-10-19}
}

@ONLINE{arucoonline,
	TITLE = {ArUco: a minimal library for Augmented Reality applications based on OpenCV},
	URL = {https://www.uco.es/investiga/grupos/ava/node/26},
	URLDATE = {2017-10-17}
}

@ONLINE{Baggioonline,
	TITLE = {Mastering OpenCV with Practical Computer Vision Projects - Step-by-step tutorials to solve common real-world computer vision problems for desktop or mobile, from augmented reality and number plate recognition to face recognition and 3D head tracking},
	URL = {http://www.inc.eng.kmutt.ac.th/inc161/project/opencv/Mastering_opencv.pdf},
	URLDATE = {2017-10-17}
}

@ONLINE{Hofmann2017,
	TITLE = {Geometrische Kamerakalibrierung},
	AUTHOR = {Hofmann, Tim},
	URL = {http://www.mi.hs-rm.de/~schwan/Projects/CG/CarreraCV/doku/intrinsisch/intrinsisch.htm},
	URLDATE = {2017-10-18}
}

@ONLINE{opencvCameraCalibration,
	TITLE = {Camera calibration With OpenCV},
	URL = {https://docs.opencv.org/2.4/doc/tutorials/calib3d/camera_calibration/camera_calibration.html},
	URLDATE = {2017-10-18}
}